   @MISC{telepathy,
      author =       "{WWW stránky}",  
      title =        "Telepathy",
      howpublished=  "{\tt http://telepathy.freedesktop.org}",
   }
	
	@MISC{TPWiki,
      author =       "{WWW stránky}",  
      title =        "Telepathy Wiki",
      howpublished=  "{\tt http://telepathy.freedesktop.org/doc/book/index.html}",
   }
	   
	@MISC{SVGWB,
      author =       "Joonas Govenius",  
      title =        "Telepathy Wiki, Channels",
		year = 			"2006-06-19",
      howpublished=  "{\tt http://xmpp.org/extensions/inbox/wb.html}",
   }	
	
	@MISC{KDE,
      author =       "{WWW stránky}",  
      title =        "KDE",
      howpublished=  "{\tt http://www.kde.org/}",
   }

	@MISC{wikiQt,
      author =       "{WWW stránky}",  
      title =        "Wikipedia - Qt(framework)",
      howpublished=  "{\tt http://en.wikipedia.org/wiki/Qt\_(framework)}",
   }

	@MISC{SVG,
      author =       "{Kolektiv autorů}",  
      title =        "Scalable Vector Graphics(SVG)",
      howpublished=  "{\tt http://www.w3.org/Graphics/SVG/}",
   }
	
	@MISC{SVGtiny,
      author =       "{Kolektiv autorů}",  
      title =        "SVG Tiny 1.2 Specification",
      howpublished=  "{\tt http://www.w3.org/TR/SVGTiny12/}",
   }

	@MISC{skype,
      author =       "Skype.com",
      title =        "Skype",
      howpublished=  "{\tt http://www.skype.com}",
   }	
	
	@MISC{skypeOutage,
      author =       "Terry Brock",  
      title =        "Skype Outage Today",
      howpublished=  "{\tt http://blogs.skype.com/business/2010/12/skype\_outage\_today.html}",
   }

	@MISC{wikipediaSkypeProtocol,
      author =       "{WWW stránky}",  
      title =        "Wikipedia, Skype protocol",
      howpublished=  "{\tt http://en.wikipedia.org/wiki/Skype\_Protocol}",
   }	
	
	@MISC{WindowsLiveMessenger,
      author =       "{WWW stránky}",
      title =        "Windows Live Messenger 2011",
      howpublished=  "{\tt http://explore.live.com/windows-live-messenger}",
   }		

	@MISC{AIM,
      author =       "{WWW stránky}",
      title =        "AOL Instant Messenger",
      howpublished=  "{\tt http://www.aim.com}",
   }			
	
	@MISC{dbus,
      author =       "{WWW stránky}",  
      title =        "D-Bus",
      howpublished=  "{\tt http://www.freedesktop.org/wiki/Software/dbus}",
   }
	
	@MISC{fitWeb,
      author =       "Z. Rábová and P. Hanáček and P. Peringer and P. Přikryl and B. Křena",  
      title =        "Užitečné rady pro psaní odborného textu [online]",
      publisher =    "FIT VUT v Brně",
      year =         "2008-11-01 [cit. 2008-11-28]",
      howpublished=  "{\tt http://www.fit.vutbr.cz/info/statnice/psani\_textu.html}",
   }
   
	@BOOK{Knuth,
      author =       "Donald E. Knuth",
      title =        "The {\TeX}book",
      publisher =    "Addison-Wesley Publishing Company",
      year =         "1996",
      note =         "ISBN~0-201-13447-0",
    }
    
	 @BOOK{Pravidla,
      author =       "{Kolektiv autorů}",
      title =        "Pravidla českého pravopisu",
      publisher =    "Academia",
      year =         "2005",
      note =         "ISBN~80-200-1327-X",
    }
  
